@article{hullwhite,
author="Hull, J. and White, A.",
title="The Pricing of Options on Assets with Stochastic Volatilities",
journal="The Journal of Finance",
year="1987",
volume="42",
number="2",
pages="281–300"
}
@article{steinstein,
author="Stein, E. M. and Stein, J. C.",
title="Stock Price Distributions with Stochastic Volatility: An Analytic Approach",
journal="Review of Financial Studies",
year="1991",
volume="4",
number="4",
pages="727–752"
}
@article{heston,
author="Heston, S. L.",
title="A Closed-Form Solution for Options with Stochastic Volatility with Applications to Bond and Currency Options",
journal="Review of Financial Studies",
year="1993",
volume="6",
number="2",
pages="327–343"
}
@article{hestonformula,
author="Heston, S. L.",
title="A Simple New Formula for Options with Stochastic Volatility",
year="1997"
}
@article{hestontrap,
author="Albrecher, H. and Mayer, P. and Schoutens, W. and Tistaert, J.",
journal="Wilmott",
issue="1",
year="2007",
pages="83-92"
}

